@article{werner2006deploying,
  title={Deploying a wireless sensor network on an active volcano},
  author={Werner-Allen, Geoffrey and Lorincz, Konrad and Ruiz, Mario and Marcillo, Omar and Johnson, Jeff and Lees, Jonathan and Welsh, Matt},
  journal={IEEE internet computing},
  volume={10},
  number={2},
  pages={18--25},
  year={2006},
  publisher={IEEE}
}
@book{reas2007processing,
  title={Processing: a programming handbook for visual designers and artists},
  author={Reas, Casey and Fry, Ben},
  year={2007},
  publisher={Mit Press}
}
@article{carlos2016wireless,
  title={Wireless sensor networks formation: approaches and techniques},
  author={Carlos-Mancilla, Miriam and L{\'o}pez-Mellado, Ernesto and Siller, Mario},
  journal={Journal of Sensors},
  volume={2016},
  year={2016},
  publisher={Hindawi}
}